<?xml version="1.0" encoding="UTF-8"?><collection xmlns="http://www.loc.gov/MARC21/slim"><record><leader>00366nam--2200133-i-4500</leader><controlfield tag="001">000033553</controlfield><controlfield tag="002">20161230</controlfield><controlfield tag="005">20161230201039</controlfield><controlfield tag="008">060222s1000------------r-----000-0-eng-d</controlfield><datafield ind1=" " ind2=" " tag="100"><subfield code="a">Roman G</subfield></datafield><datafield ind1=" " ind2=" " tag="260"><subfield code="a">Ten Years Of Semiconducting Materials And Transistors.A Bibliography Compled By ..</subfield></datafield><datafield ind1=" " ind2=" " tag="490"><subfield code="a">Cambridge, Pye Ltd. 1954. 37p</subfield></datafield><datafield ind1=" " ind2=" " tag="700"><subfield code="a">Meyrich, N.L</subfield></datafield><datafield ind1=" " ind2=" " tag="852"><subfield code="a">47</subfield></datafield></record></collection>